@INPROCEEDINGS{prev-work-dt,  
    author={Krishna, N. Leela Siva Rama and Adimoolam, M.},  
    booktitle={2022 International Conference on Business Analytics for Technology and Security (ICBATS)},   
    title={Fake News Detection system using Decision Tree algorithm and compare textual property with Support Vector Machine algorithm},   
    year={2022},  
    volume={},  
    number={},  
    pages={1-6},  
    doi={10.1109/ICBATS54253.2022.9758999}
}

@INPROCEEDINGS{prev-work-bayes,  
    author={Granik, Mykhailo and Mesyura, Volodymyr},  
    booktitle={2017 IEEE First Ukraine Conference on Electrical and Computer Engineering (UKRCON)},   
    title={Fake news detection using naive Bayes classifier},   
    year={2017},  
    volume={},  
    number={},  
    pages={900-903},  
    doi={10.1109/UKRCON.2017.8100379}
}

@misc{intro-statista1,
  publisher = {Statista Research Department},
  title = {Worldwide digital population July 2022},
  year = 2022,
  month = 09,
  day = 20,
  url = {https://www.statista.com/statistics/617136/digital-population-worldwide/},
}


@misc{intro-statista2,
 author = {Amy Watson},
 title = {Fake news in the U.S. - statistics \& facts},
 url = {https://www.statista.com/topics/3251/fake-news/#dossierContents__outerWrapper},
 year = {2022},
}

@misc{intro-pope,
 author = {Hannah Ritchie},
 title = {Read all about it: The biggest fake news stories of 2016},
 url = {https://www.cnbc.com/2016/12/30/read-all-about-it-the-biggest-fake-news-stories-of-2016.html},
 year = {2016},
}

@misc{intro-pew,
 author = {Mason Walker, Katerina Eva Matsa},
 title = {News Consumption Across Social Media in 2021},
 url = {https://www.pewresearch.org/journalism/2021/09/20/news-consumption-across-social-media-in-2021/},
 year = {2021},
}

@article{prev-work-fndnet,
    title = {FNDNet – A deep convolutional neural network for fake news detection},
    journal = {Cognitive Systems Research},
    volume = {61},
    pages = {32-44},
    year = {2020},
    issn = {1389-0417},
    doi = {https://doi.org/10.1016/j.cogsys.2019.12.005},
    url = {https://www.sciencedirect.com/science/article/pii/S1389041720300085},
    author = {Rohit Kumar Kaliyar and Anurag Goswami and Pratik Narang and Soumendu Sinha},
}

@INPROCEEDINGS{prev-work-dltechniques,  
    author={Hiramath, Chaitra K and Deshpande, G. C},  
    booktitle={2019 1st International Conference on Advances in Information Technology (ICAIT)},   
    title={Fake News Detection Using Deep Learning Techniques},   
    year={2019},  
    pages={411-415},  
    doi={10.1109/ICAIT47043.2019.8987258}
}

@inproceedings{prev-work-glove,
    title = "{G}lo{V}e: Global Vectors for Word Representation",
    author = "Pennington, Jeffrey  and
      Socher, Richard  and
      Manning, Christopher",
    booktitle = "Proceedings of the 2014 Conference on Empirical Methods in Natural Language Processing ({EMNLP})",
    month = oct,
    year = "2014",
    address = "Doha, Qatar",
    publisher = "Association for Computational Linguistics",
    url = "https://aclanthology.org/D14-1162",
    doi = "10.3115/v1/D14-1162",
    pages = "1532--1543",
}

@misc{prev-work-fact-checking,
  doi = {10.48550/ARXIV.2108.11896},
  url = {https://arxiv.org/abs/2108.11896},
  author = {Guo, Zhijiang and Schlichtkrull, Michael and Vlachos, Andreas},
  keywords = {Computation and Language (cs.CL), FOS: Computer and information sciences, FOS: Computer and information sciences},
  title = {A Survey on Automated Fact-Checking},
  publisher = {arXiv},
  year = {2021},
  copyright = {arXiv.org perpetual, non-exclusive license}
}

@misc{nela-paper,
  doi = {10.48550/ARXIV.2203.05659},
  url = {https://arxiv.org/abs/2203.05659},
  author = {Gruppi, Maurício and Horne, Benjamin D. and Adalı, Sibel},
  keywords = {Computation and Language (cs.CL), Computers and Society (cs.CY), Machine Learning (cs.LG), Social and Information Networks (cs.SI), FOS: Computer and information sciences, FOS: Computer and information sciences},
  title = {NELA-GT-2021: A Large Multi-Labelled News Dataset for The Study of Misinformation in News Articles},
  publisher = {arXiv},
  year = {2022},  
  copyright = {arXiv.org perpetual, non-exclusive license}
}

@article{fever,
  author    = {James Thorne and
               Andreas Vlachos and
               Christos Christodoulopoulos and
               Arpit Mittal},
  title     = {{FEVER:} a large-scale dataset for Fact Extraction and VERification},
  journal   = {CoRR},
  volume    = {abs/1803.05355},
  year      = {2018},
  url       = {http://arxiv.org/abs/1803.05355},
  eprinttype = {arXiv},
  eprint    = {1803.05355},
  timestamp = {Mon, 29 Nov 2021 15:44:36 +0100},
  biburl    = {https://dblp.org/rec/journals/corr/abs-1803-05355.bib},
  bibsource = {dblp computer science bibliography, https://dblp.org}
}


@inproceedings{liar,
    author = {Wang, William},
    year = {2017},
    month = {01},
    pages = {422-426},
    title = {"Liar, Liar Pants on Fire": A New Benchmark Dataset for Fake News Detection},
    doi = {10.18653/v1/P17-2067}
}

@article{pheme,
    doi = {10.1371/journal.pone.0150989},
    author = {Zubiaga, Arkaitz AND Liakata, Maria AND Procter, Rob AND Wong Sak Hoi, Geraldine AND Tolmie, Peter},
    journal = {PLOS ONE},
    publisher = {Public Library of Science},
    title = {Analysing How People Orient to and Spread Rumours in Social Media by Looking at Conversational Threads},
    year = {2016},
    month = {03},
    volume = {11},
    url = {https://doi.org/10.1371/journal.pone.0150989},
    pages = {1-29},
    number = {3},
}

@misc{wiki:fake_list,
    author = "{Wikipedia contributors}",
    title = "List of fake news websites --- {Wikipedia}{,} The Free Encyclopedia",
    year = "2022",
    url = "https://en.wikipedia.org/w/index.php?title=List_of_fake_news_websites&oldid=1129348989",
    note = "[Online; accessed 30-December-2022]"
}

@misc{buzzfeed:fake,
    author = "{Craig Silverman}",
    title = "One Of The Biggest Fake News Networks Doesn’t Do Political Hoaxes",
    year = "2017",
    url = "https://www.buzzfeednews.com/article/craigsilverman/the-celebtricity-network",
    note = "[Online; accessed 30-December-2022]"
}

@misc{claim-dissector,
  doi = {10.48550/ARXIV.2207.14116},
  url = {https://arxiv.org/abs/2207.14116},
  author = {Fajcik, Martin and Motlicek, Petr and Smrz, Pavel},
  keywords = {Computation and Language (cs.CL), Artificial Intelligence (cs.AI), FOS: Computer and information sciences, FOS: Computer and information sciences},
  title = {Claim-Dissector: An Interpretable Fact-Checking System with Joint Re-ranking and Veracity Prediction},
  publisher = {arXiv},
  year = {2022},  
  copyright = {Creative Commons Attribution Non Commercial Share Alike 4.0 International}
}

@misc{trifn,
  doi = {10.48550/ARXIV.1712.07709},
  url = {https://arxiv.org/abs/1712.07709},
  author = {Shu, Kai and Wang, Suhang and Liu, Huan},
  keywords = {Social and Information Networks (cs.SI), FOS: Computer and information sciences, FOS: Computer and information sciences},
  title = {Beyond News Contents: The Role of Social Context for Fake News Detection},
  publisher = {arXiv},
  year = {2017},  
  copyright = {arXiv.org perpetual, non-exclusive license}
}

@article{hybrid,
  doi = {10.48550/ARXIV.2207.13500},
  url = {https://arxiv.org/abs/2207.13500},
  author = {Saikia, Pallabi and Gundale, Kshitij and Jain, Ankit and Jadeja, Dev and Patel, Harvi and Roy, Mohendra},
  keywords = {Social and Information Networks (cs.SI), Computation and Language (cs.CL), Information Retrieval (cs.IR), FOS: Computer and information sciences, FOS: Computer and information sciences},
  title = {Modelling Social Context for Fake News Detection: A Graph Neural Network Based Approach},
  publisher = {arXiv},
  year = {2022},  
  copyright = {arXiv.org perpetual, non-exclusive license}
}

@inbook{tf-idf, 
    place={Cambridge}, 
    title={Data Mining}, 
    DOI={10.1017/CBO9781139058452.002}, 
    booktitle={Mining of Massive Datasets}, 
    publisher={Cambridge University Press}, 
    author={Rajaraman, Anand and Ullman, Jeffrey David},
    year={2011}, 
    pages={1–17}
}

@ARTICLE{tf,
  author={Luhn, H. P.},
  journal={IBM Journal of Research and Development}, 
  title={A Statistical Approach to Mechanized Encoding and Searching of Literary Information}, 
  year={1957},
  volume={1},
  number={4},
  pages={309-317},
  doi={10.1147/rd.14.0309}
}

﻿@Article{idf,
    author={Sparck Jones, Karen},
    title={A Statistical Interpretation of Term Specificity and its Application in Retrieval},
    journal={Journal of Documentation},
    year={1972},
    month={Jan},
    day={01},
    publisher={MCB UP Ltd},
    volume={28},
    number={1},
    pages={11-21},
    issn={0022-0418},
    doi={10.1108/eb026526},
    url={https://doi.org/10.1108/eb026526}
}

@InCollection{bayes-theorem,
	author       =	{Joyce, James},
	title        =	{{Bayes’ Theorem}},
	booktitle    =	{The {Stanford} Encyclopedia of Philosophy},
	editor       =	{Edward N. Zalta},
	howpublished =	{\url{https://plato.stanford.edu/archives/fall2021/entries/bayes-theorem/}},
	year         =	{2021},
	edition      =	{{F}all 2021},
	publisher    =	{Metaphysics Research Lab, Stanford University}
}

@inbook{bayes, 
    title={Kendall's Advanced Theory of Statistics: Volume I - Distribution Theory}, 
    publisher={Edward Arnold}, 
    author={Stuart, A.; Ord, K.},
    year={1994}, 
}

@misc{naive-bayes-towards,
 author = {Rohith Gandhi},
 title = {Naive Bayes Classifier},
 url = {https://towardsdatascience.com/naive-bayes-classifier-81d512f50a7c},
 year = {2018},
 note = {Accessed: 27.1.2023}
}

@article{confusion_matrix,
    author = {Powers, David},
    year = {2008},
    month = {01},
    pages = {},
    title = {Evaluation: From Precision, Recall and F-Factor to ROC, Informedness, Markedness \& Correlation},
    volume = {2},
    journal = {Mach. Learn. Technol.}
}


@misc{czech_paper,
    author = {Boháček, Matyáš and Bravanský, Michal and Trhlík, Filip and Moravec, Václav},
    year = {2022},
    month = {12},
    pages = {},
    title = {Fine-grained Czech News Article Dataset: An Interdisciplinary Approach to Trustworthiness Analysis},
    doi = {10.48550/arXiv.2212.08550}
}

@misc{faviq,
      title={FaVIQ: FAct Verification from Information-seeking Questions}, 
      author={Jungsoo Park and Sewon Min and Jaewoo Kang and Luke Zettlemoyer and Hannaneh Hajishirzi},
      year={2022},
      eprint={2107.02153},
      archivePrefix={arXiv},
      primaryClass={cs.CL}
}

@misc{realfc,
      title={Evidence-based Verification for Real World Information Needs}, 
      author={James Thorne and Max Glockner and Gisela Vallejo and Andreas Vlachos and Iryna Gurevych},
      year={2021},
      eprint={2104.00640},
      archivePrefix={arXiv},
      primaryClass={cs.CL}
}

@misc{word2vec,
      title={Efficient Estimation of Word Representations in Vector Space}, 
      author={Tomas Mikolov and Kai Chen and Greg Corrado and Jeffrey Dean},
      year={2013},
      eprint={1301.3781},
      archivePrefix={arXiv},
      primaryClass={cs.CL}
}

@misc{fasttext,
      title={Enriching Word Vectors with Subword Information}, 
      author={Piotr Bojanowski and Edouard Grave and Armand Joulin and Tomas Mikolov},
      year={2017},
      eprint={1607.04606},
      archivePrefix={arXiv},
      primaryClass={cs.CL}
}

@misc{bert,
      title={BERT: Pre-training of Deep Bidirectional Transformers for Language Understanding}, 
      author={Jacob Devlin and Ming-Wei Chang and Kenton Lee and Kristina Toutanova},
      year={2019},
      eprint={1810.04805},
      archivePrefix={arXiv},
      primaryClass={cs.CL}
}

@Article{bert-exbake,
    AUTHOR = {Jwa, Heejung and Oh, Dongsuk and Park, Kinam and Kang, Jang Mook and Lim, Heuiseok},
    TITLE = {exBAKE: Automatic Fake News Detection Model Based on Bidirectional Encoder Representations from Transformers (BERT)},
    JOURNAL = {Applied Sciences},
    VOLUME = {9},
    YEAR = {2019},
    NUMBER = {19},
    ARTICLE-NUMBER = {4062},
    URL = {https://www.mdpi.com/2076-3417/9/19/4062},
    ISSN = {2076-3417},
    DOI = {10.3390/app9194062}
}

@article{unsupervised_graph, 
    title={Unsupervised Fake News Detection on Social Media: A Generative Approach}, 
    volume={33}, 
    url={https://ojs.aaai.org/index.php/AAAI/article/view/4508}, 
    DOI={10.1609/aaai.v33i01.33015644}, 
    number={01}, 
    journal={Proceedings of the AAAI Conference on Artificial Intelligence}, 
    author={Yang, Shuo and Shu, Kai and Wang, Suhang and Gu, Renjie and Wu, Fan and Liu, Huan}, year={2019}, month={Jul.}, pages={5644-5651} 
}

@misc{tensor_paper,
      title={Tensor Factorization with Label Information for Fake News Detection}, 
      author={Frosso Papanastasiou and Georgios Katsimpras and Georgios Paliouras},
      year={2019},
      eprint={1908.03957},
      archivePrefix={arXiv},
      primaryClass={cs.SI}
}

@article{parafac,
    title = {PARAFAC: Parallel factor analysis},
    journal = {Computational Statistics \& Data Analysis},
    volume = {18},
    number = {1},
    pages = {39-72},
    year = {1994},
    issn = {0167-9473},
    doi = {https://doi.org/10.1016/0167-9473(94)90132-5},
    url = {https://www.sciencedirect.com/science/article/pii/0167947394901325},
    author = {Richard A. Harshman and Margaret E. Lundy},
}

@misc{debias,
      title={Towards Debiasing Fact Verification Models}, 
      author={Tal Schuster and Darsh J Shah and Yun Jie Serene Yeo and Daniel Filizzola and Enrico Santus and Regina Barzilay},
      year={2019},
      eprint={1908.05267},
      archivePrefix={arXiv},
      primaryClass={cs.CL}
}

@article{fake_or_real_dataset,
      title={Fake News Prediction: A Survey}, 
      author={P. S. Dutta and M. Das and S. Biswas and M. Bora
and S. S. Saikia},
    journal = {International Journal of Scientific Engineering and Science},
    volume = {3},
    number = {3},
    pages = {1--3},
      year={2019},
}

@inproceedings{colins-mnb,
  title={The Naive Bayes Model, Maximum-Likelihood Estimation, and the EM Algorithm},
  author={Michael Collins},
  year={2012}
}

@misc{transformer,
      title={Attention Is All You Need}, 
      author={Ashish Vaswani and Noam Shazeer and Niki Parmar and Jakob Uszkoreit and Llion Jones and Aidan N. Gomez and Lukasz Kaiser and Illia Polosukhin},
      year={2017},
      eprint={1706.03762},
      archivePrefix={arXiv},
      primaryClass={cs.CL}
}


@misc{illustrated-transformer,
 author = {Jay Alammar},
 title = {The Illustrated Transformer},
 url = {http://jalammar.github.io/illustrated-transformer/},
 year = {2018},
 note = {Accessed: 25.4.2023}
}

@misc{integ_grads,
      title={Axiomatic Attribution for Deep Networks}, 
      author={Mukund Sundararajan and Ankur Taly and Qiqi Yan},
      year={2017},
      eprint={1703.01365},
      archivePrefix={arXiv},
      primaryClass={cs.LG}
}

@misc{integ_grads_towards,
 author = {Ruben Winastwan},
 title = {Interpreting the Prediction of BERT Model for Text Classification},
 url = {https://towardsdatascience.com/interpreting-the-prediction-of-bert-model-for-text-classification-5ab09f8ef074},
 year = {2022},
 note = {Accessed: 25.4.2023}
}

@misc{bert_towards,
 author = {Rani Horev},
 title = {BERT Explained: State of the art language model for NLP},
 url = {https://towardsdatascience.com/bert-explained-state-of-the-art-language-model-for-nlp-f8b21a9b6270},
 year = {2018},
 note = {Accessed: 25.4.2023}
}

@ARTICLE{js_divergence,
  author={Lin, J.},
  journal={IEEE Transactions on Information Theory}, 
  title={Divergence measures based on the Shannon entropy}, 
  year={1991},
  volume={37},
  number={1},
  pages={145-151},
  doi={10.1109/18.61115}}

@INPROCEEDINGS{book_corpus,
  author={Zhu, Yukun and Kiros, Ryan and Zemel, Rich and Salakhutdinov, Ruslan and Urtasun, Raquel and Torralba, Antonio and Fidler, Sanja},
  booktitle={2015 IEEE International Conference on Computer Vision (ICCV)}, 
  title={Aligning Books and Movies: Towards Story-Like Visual Explanations by Watching Movies and Reading Books}, 
  year={2015},
  volume={},
  number={},
  pages={19-27},
  doi={10.1109/ICCV.2015.11}}

@misc{twitter,
 title = {How we address misinformation on Twitter},
 url = {https://help.twitter.com/en/resources/addressing-misleading-info},
 note = {Accessed: 9.5.2023}
}

@article{source-reputation, 
    title={An Interpretable Joint Graphical Model for Fact-Checking From Crowds}, 
    volume={32}, 
    url={https://ojs.aaai.org/index.php/AAAI/article/view/11487}, 
    DOI={10.1609/aaai.v32i1.11487}, 
    number={1}, 
    journal={Proceedings of the AAAI Conference on Artificial Intelligence}, 
    author={Nguyen, An and Kharosekar, Aditya and Lease, Matthew and Wallace, Byron}, 
    year={2018}, 
    month={Apr.} 
}

@inproceedings{declare,
    title = "{D}e{C}lar{E}: Debunking Fake News and False Claims using Evidence-Aware Deep Learning",
    author = "Popat, Kashyap  and
      Mukherjee, Subhabrata  and
      Yates, Andrew  and
      Weikum, Gerhard",
    booktitle = "Proceedings of the 2018 Conference on Empirical Methods in Natural Language Processing",
    month = oct # "-" # nov,
    year = "2018",
    address = "Brussels, Belgium",
    publisher = "Association for Computational Linguistics",
    url = "https://aclanthology.org/D18-1003",
    doi = "10.18653/v1/D18-1003",
    pages = "22--32",
}

@Article{svd,
    author={Golub, G. H.
    and Reinsch, C.},
    title={Singular value decomposition and least squares solutions},
    journal={Numerische Mathematik},
    year={1970},
    month={Apr},
    day={01},
    volume={14},
    number={5},
    pages={403-420},
    issn={0945-3245},
    doi={10.1007/BF02163027},
    url={https://doi.org/10.1007/BF02163027}
}

@inproceedings{lda,
    author = {Blei, David and Ng, Andrew and Jordan, Michael},
    year = {2001},
    month = {01},
    pages = {601-608},
    title = {Latent Dirichlet Allocation},
    volume = {3},
    journal = {The Journal of Machine Learning Research}
}